@Misc{teu,
    title = {東京工科大学},
    howpublished = {\url{https://www.teu.ac.jp/}},
    note = {(Accessed on July 12 2023)}
}

@InProceedings{go,
    author = {Pike, Rob},
    title = {Go at Google},
    year = {2012},
    isbn = {9781450315630},
    publisher = {Association for Computing Machinery},
    address = {New York, NY, USA},
    url = {https://doi.org/10.1145/2384716.2384720},
    doi = {10.1145/2384716.2384720},
    booktitle = {Proceedings of the 3rd Annual Conference on Systems, Programming, and Applications: Software for Humanity},
    pages = {5–6},
    numpages = {2},
    keywords = {programming in the large, concurrency, composition, go},
    location = {Tucson, Arizona, USA},
    series = {SPLASH '12}
}


@article{article1,
	author =	"櫻木大和 and 磯山直也 and 寺田 努 and 塚本昌彦",
	title =		" 拡張現実感を用いたテクスチャ変更による人物行動制御手法の提案と評価",
	journal =	"マルチメディア，分散，協調とモバイル (DICOMO2018)シンポジウム",
	pages =		"100--107",
	year =		2018}


@book{book1,
	author =	"照明学会",
	title =		"屋内照明のガイド",
	publisher =	"電気書院",
	year =		1978}

@webpage{webpage1,
	author =	"産経フォト",
	title =		"【路上感撮】ぐにゃぐにゃ！？",
	organization =	"産経フォト",
	url =	"https://www.sankei.com/photo/story/news/191225/sty1912250007-n1.html",
	refdate =	"2019-12-25"}